@article{res1,author = "Slava Akhmechet",title = "Functional Programming For The Rest of Us", year = "2006", note = {http://www.defmacro.org/ramblings/fp.html}}
@article{res2,author = "Jeremy Gibbons",title = "Jeremy Gibbons' Publications(Oxford University)", year = "2007", note = {http://www.comlab.ox.ac.uk/jeremy.gibbons/publications/}}
@article{res3,author = "Andy Maleh",title = "Scala's Pattern Matching = Visitor Pattern on Steroids", year = "2008", note = {http://andymaleh.blogspot.com/2008/04/scalas-pattern-matching-visitor-pattern.html}}
@article{res4,author = "Brian Longon",title = "How does functional programming affect the structure of your code?", year = "2008", note = {http://lorgonblog.wordpress.com/2008/09/22/how-does-functional-programming-affect-the-structure-of-your-code/}}
@article{res5,author = "",title = "Does Functional Programming Replace GoF Design Patterns?", year = "2008", note = {http://stackoverflow.com/questions/327955/does-functional-programming-replace-gof-design-patterns}}
@article{res6,author = "",title = "Functional Programming Patterns", year = "2009", note = {http://www.fatvat.co.uk/2009/01/functional-programming-patterns.html}}
@article{res7,author = "",title = "Design Patterns Library", year = "", note = {http://hillside.net/patterns}}
@article{res8,author = "Editors Kei Davis, Yannis Smaragdakis, Jorg Striegnitz",title = "Multiparadigm Programming with Object-Oriented Languages", year = "2001", note = {http://www2.fz-juelich.de/nic-series/Volume7/Volume7.html}}
@article{res9,author = "",title = "Design Patterns", year = "2007", note = {http://sourcemaking.com/design\_patterns}}
@article{res10,author = "",title = "Refactoring", year = "2007", note = {http://sourcemaking.com/refactoring}}
@book{res11,author = {Kerievsky, Joshua},title = {Refactoring to Patterns},year = {2004},isbn = {0321213351}}
@article{res12,author = "Mark Dominus",title = "Design patterns of 1972", year = "2006", note = {http://blog.plover.com/prog/design-patterns.html}}
@book{res13,author = {Gamma, Erich and Helm, Richard and Johnson, Ralph and Vlissides, John},title = {Design Patterns},year = 1995,isbn = {0201633612}}
@book{res14,author = "Martin Fowler",title = "Refactoring: Improving the Design of Existing Code.",year = {2002}}
@article{res15,author = "Peter Norvig",title = "Design Patterns in Dynamic Languages", year = "1998", note = {http://www.norvig.com/design-patterns/}}
@article{res16,author = "",title = "Object Oriented vs. Functional Programming", year = "2010", note = {http://stackoverflow.com/questions/2078978/functional-programming-vs-object-oriented-programming}}
@article{res17,author = "",title = "", year = "", note = {http://xquerywebappdev.wordpress.com/object-oriented-vs-functional-programming/}}
@article{res18,author = "JefferyWalker",title = "Object Oriented vs. Functional Styles", year = "", note = {http://cs.oberlin.edu/~jwalker/langDesign/OO\_vs\_Fun/notes.html}}
@article{res19,author = {J. Hughes},title = {{Why Functional Programming Matters}},year = {1989},journal = {Computer Journal},volume = {32},number = {2},pages = {98--107},note={http://www.cse.chalmers.se/~rjmh/Papers/whyfp.html}}
@article{res20,author = "Reginald Braithwaite",title = "Why Why Functional Programming Matters Matters", year = "2007", note = {http://weblog.raganwald.com/2007/03/why-why-functional-programming-matters.html}}
@article{res21,author = "Jeremy Gibbons",title = "Patterns in Functional Programming", year = "2011", note = {http://patternsinfp.wordpress.com/}}
@book{res22,author    = "Gregor Hohpe and Bobby Woolf",title = "{Enterprise Integration Patterns: Designing, Building, and Deploying Messaging Solutions}",year = "2004",publisher = "Addison-Wesley"}
@article{res23,author = "Kevin Rutherford",title = "Too much TemplateMethod", year = "2009", note = {http://silkandspinach.net/2009/01/04/too-much-templatemethod/}}
@article{res24,author = "Debasish Ghosh",title = "Subsuming the Template Method pattern", year = "2009", note = {http://debasishg.blogspot.com/2009/01/subsuming-template-method-pattern.html}}
@article{res25,author = "",title = "", year = "2011", note = {http://en.wikipedia.org/wiki/Hylomorphism\_(computer\_science)}}
